@article{Schulz+2018:SDEC,
    title={A Stochastic Decoder for Neural Machine Translation},
    author={Philip Schulz and Wilker Aziz and Trevor Cohn},	
    note={Accepted at ACL},
    year={2018}
}

@article{Rios+2018:EmbedAlign,
    title={Deep Generative Model for Joint Alignment and Word Representation},
    author={Miguel Rios and Wilker Aziz and Khalil Sima'an},	
    journal={arXiv preprint arXiv:1802.05883},
    note={Accepted at NAACL},
    year={2018}
}

@InProceedings{BastingsEtAl2017,
    author    = {Bastings, Joost  and  Titov, Ivan  and  Aziz, Wilker  and  Marcheggiani, Diego  and  Simaan, Khalil},
    title     = {Graph Convolutional Encoders for Syntax-aware Neural Machine Translation},
    booktitle = {Proceedings of the 2017 Conference on Empirical Methods in Natural Language Processing},
    month     = {September},
    year      = {2017},
    address   = {Copenhagen, Denmark},
    publisher = {Association for Computational Linguistics},
    pages     = {1957--1967},
    url       = {https://www.aclweb.org/anthology/D17-1209}
}

@InProceedings{Schulz+2016:BCHMM, 
    author    = {Schulz, Philip  and  Aziz, Wilker}, 
    title     = {Fast Collocation-Based {Bayesian} {HMM} Word Alignment}, 
    booktitle = {Proceedings of {COLING} 2016, the 26th International Conference on Computational Linguistics: Technical Papers}, 
    month     = {December}, 
    year      = {2016}, 
    address   = {Osaka, Japan}, 
    publisher = {The COLING 2016 Organizing Committee}, 
    pages     = {3146--3155}, 
    url       = {http://aclweb.org/anthology/C16-1296} 
}

@InProceedings{daiber-EtAl:2016:WMT,
    author    = {Daiber, Joachim  and  Stanojevi\'{c}, Milo\v{s}  and  Aziz, Wilker  and  Sima'an, Khalil},
    title     = {Examining the Relationship between Preordering and Word Order Freedom in Machine Translation},
    booktitle = {Proceedings of the First Conference on Machine Translation},
    month     = {August},
    year      = {2016},
    address   = {Berlin, Germany},
    publisher = {Association for Computational Linguistics},
    pages     = {118--130},
    url       = {http://www.aclweb.org/anthology/W16-2213}
}

@InProceedings{Schulz+2016:BIBM2Z,
    author    = {Schulz, Philip  and  Aziz, Wilker  and  Sima'an, Khalil},
    title     = {Word Alignment without NULL Words},
    booktitle = {Proceedings of the 54th Annual Meeting of the Association for Computational Linguistics (Volume 2: Short Papers)},
    month     = {August},
    year      = {2016},
    address   = {Berlin, Germany},
    publisher = {Association for Computational Linguistics},
    pages     = {169--174},
    url       = {http://anthology.aclweb.org/P16-2028}
}

@article{Aziz:2015:GRASP,
    author = {Wilker Aziz},
    title = {Grasp: Randomised Semiring Parsing},
    journal = {The Prague Bulletin of Mathematical Linguistics},
    month = {October},
    number = {1},
    pages = {51--62},
    volume = {104},
    year = {2015}
}

@inproceedings{Raymond+2015:QESLT,
    author    = {Raymond W. M. Ng and Kashif Shah and Wilker Aziz and Lucia Specia and Thomas Hain},
    title     = {Quality estimation for asr k-best list rescoring in spoken language translation},
    booktitle = {2015 {IEEE} International Conference on Acoustics, Speech and Signal Processing, {ICASSP} 2015.},
    pages     = {5226--5230},
    month     = {April},
    year      = {2015},
    address   = {South Brisbane, Queensland, Australia},
    url       = {http://dx.doi.org/10.1109/ICASSP.2015.7178968},
    doi       = {10.1109/ICASSP.2015.7178968},
    timestamp = {Wed, 12 Aug 2015 12:51:08 +0200},
    biburl    = {http://dblp.uni-trier.de/rec/bib/conf/icassp/NgSASH15},
}

@InProceedings{Aziz+2014:osstar,
  author    = {Aziz, Wilker  and  Dymetman, Marc  and  Specia, Lucia},
  title     = {Exact Decoding for Phrase-Based Statistical Machine Translation},
  booktitle = {Proceedings of the 2014 Conference on Empirical Methods in Natural Language Processing},
  month     = {October},
  year      = {2014},
  address   = {Doha, Qatar},
  publisher = {Association for Computational Linguistics},
  pages     = {1237--1249},
  url       = {http://www.aclweb.org/anthology/D14-1131}
}


@PHDTHESIS{Aziz:2014:phd,
  author = {Wilker Ferreira Aziz},
  title = {Exact Sampling and Optimisation in Statistical Machine Translation},
  school = {University of Wolverhampton},
  year = {2014}
}


@article{Ng+2014:IWSLT,
    author    = {Raymond W. M. Ng and Mortaza Doulaty and Rama Doddipatla and Wilker Aziz and Kashif Shah and Oscar Saz and Madina Hasan and Ghada AlHarbi and Lucia Specia and Thomas Hain},
    title     = {The {USFD} Spoken Language Translation System for {IWSLT} 2014},
    journal   = {CoRR},
    volume    = {abs/1509.03870},
    year      = {2015},
    url       = {http://arxiv.org/abs/1509.03870},
    timestamp = {Thu, 01 Oct 2015 14:28:48 +0200},
}

@INCOLLECTION{Aziz+2014:pe,
  author = {Wilker Aziz and Maarit Koponen and Lucia Specia},
  title = {Sub-sentence Level Analysis of Machine Translation Post-editing Effort},
  booktitle = {Post-editing of Machine Translation: Processes and Applications},
  publisher = {Cambridge Scholars Publishing},
  year = {2014},
  editor = {Sharon O'Brien and Laura Winther Balling and Michael Carl and Michel
	Simard and Lucia Specia},
  chapter = {8},
  owner = {waziz},
  timestamp = {2013.12.19}
}


@InProceedings{Aziz+2013:WMT,
  author    = {Aziz, Wilker  and  Dymetman, Marc  and  Venkatapathy, Sriram},
  title     = {Investigations in Exact Inference for Hierarchical Translation},
  booktitle = {Proceedings of the Eighth Workshop on Statistical Machine Translation},
  month     = {August},
  year      = {2013},
  address   = {Sofia, Bulgaria},
  publisher = {Association for Computational Linguistics},
  pages     = {472--483},
  url       = {http://www.aclweb.org/anthology/W13-2260}
}

@InProceedings{Aziz+2013:CoNLL,
  author    = {Aziz, Wilker  and  Specia, Lucia},
  title     = {Multilingual {WSD}-like Constraints for Paraphrase Extraction},
  booktitle = {Proceedings of the Seventeenth Conference on Computational Natural Language Learning},
  month     = {August},
  year      = {2013},
  address   = {Sofia, Bulgaria},
  publisher = {Association for Computational Linguistics},
  pages     = {202--211},
  url       = {http://www.aclweb.org/anthology/W13-3522}
}


@InProceedings{Aziz+2013:TSD,
  author    = {Aziz, Wilker and Mitkov, Ruslan and  Specia, Lucia},
  title     = {Ranking Machine Translation Systems via Post-Editing},
  booktitle = {In Proceedings of Text, Speech and Dialogue },
  series = {Lecture Notes in Computer Science},
  volume = {8082},
  day = {1-5},
  month     = {September},
  year      = {2013},
  address   = {Pilsen, Czech Republic},
  publisher = {Springer Berlin Heidelberg},
  pages     = {410--418},
  url       = {http://link.springer.com/chapter/10.1007/978-3-642-40585-3_52},
  doi = {10.1007/978-3-642-40585-3_52}
}


@InProceedings{koponen+12:petime,
  author =       {Maarit Koponen, Wilker Aziz, Luciana Ramos and Lucia Specia},
  title =        {Post-editing time as a measure of cognitive effort },
  booktitle =    {AMTA 2012 Workshop on Post-Editing Technology and Practice},
  pages =        {11--20},
  year =         2012,
  address =      {San Diego, USA},
  month =        {October},
  organization = {Association for Machine Translation in the Americas (AMTA)},
}

@InProceedings{Rios+2012:semeval,
  author    = {Miguel  Rios and  Wilker  Aziz and  Lucia Specia},
  title     = {{UOW}: Semantically Informed Text Similarity},
  booktitle = {{*SEM 2012}: The First Joint Conference on Lexical and Computational Semantics -- Volume 1: Proceedings of the main conference and the shared task, and Volume 2: Proceedings of the Sixth International Workshop on Semantic Evaluation {(SemEval 2012)}},
  month     = {7-8 June},
  year      = {2012},
  address   = {Montr\'{e}al, Canada},
  publisher = {Association for Computational Linguistics},
  pages     = {673--678},
  url       = {http://www.aclweb.org/anthology/S12-1100}
}

@InProceedings{aziz+2012:pet,
  author = {Wilker Aziz and Sheila Castilho Monteiro de Sousa and Lucia Specia},
  title = {{PET}: a Tool for Post-editing and Assessing Machine Translation},
  booktitle = {Proceedings of the Eight International Conference on Language Resources and Evaluation},
  year = {2012},
  month = {may},
  date = {23-25},
  address = {Istanbul, Turkey},
  publisher = {European Language Resources Association (ELRA)},
  isbn = {978-2-9517408-7-7}
 }

 @INPROCEEDINGS{aziz+2012:pet-demo,
	author={Wilker Aziz and Lucia Specia},
	title={{PET}: a Tool for Post-editing and Assessing Machine Translation},
	booktitle={The 16th Annual Conference of the European Association for Machine Translation},
	address={Trento, Italy},
	month={May},
	pages={99},
	year={2012}
}

@INPROCEEDINGS{aziz+2012:subs,
	author={Wilker Aziz and Sheila Castilho Monteiro de Sousa and Lucia Specia},
	title={Cross-lingual Sentence Compression for Subtitles},
	booktitle={The 16th Annual Conference of the European Association for Machine Translation},
	address={Trento, Italy},
	pages = {103--110},
	month={May},
	year={2012}
}
@INPROCEEDINGS{specia+2011:adequacy,
    AUTHOR={Lucia Specia and Najeh Hajlaoui and Catalina Hallett and Wilker Aziz},
    TITLE={Predicting Machine Translation Adequacy},
    booktitle = {Proceedings of the 13th Machine Translation Summit},
    address={Xiamen, China},
    month={September},
    year={2011},
    pages={513--520}
}
@InProceedings{aziz-rios-specia:2011:WMT,
  author    = {Wilker Aziz and Miguel Rios and Lucia Specia},
  title     = {Shallow Semantic Trees for {SMT}},
  booktitle = {Proceedings of the Sixth Workshop on Statistical Machine Translation},
  month     = {July},
  year      = {2011},
  address   = {Edinburgh, Scotland},
  publisher = {Association for Computational Linguistics},
  pages     = {316--322},
  url       = {http://www.aclweb.org/anthology/W11-2136}
}
@InProceedings{rios-aziz-specia:2011:WMT,
  author    = {Miguel Rios and Wilker Aziz and Lucia Specia},
  title     = {{TINE}: A Metric to Assess MT Adequacy},
  booktitle = {Proceedings of the Sixth Workshop on Statistical Machine Translation},
  month     = {July},
  year      = {2011},
  address   = {Edinburgh, Scotland},
  publisher = {Association for Computational Linguistics},
  pages     = {116--122},
  url       = {http://www.aclweb.org/anthology/W11-2112}
}
@InProceedings{aziz+2011:RANLP,
  author    = {Wilker Aziz and Miguel Rios and Lucia Specia},
  title     = {Improving Chunk-based Semantic Role Labeling with Lexical Features},
  booktitle = {Proceedings of the International Conference Recent Advances in Natural Language Processing 2011},
  month     = {September},
  year      = {2011},
  address   = {Hissar, Bulgaria},
  publisher = {RANLP 2011 Organising Committee},
  pages     = {226--232},
  url       = {http://aclweb.org/anthology/R11-1031}
}
@InProceedings{sousa+2011:RANLP,
  author    = {Sheila C. M. de Sousa and Wilker Aziz and Lucia Specia},
  title     = {Assessing the Post-Editing Effort for Automatic and Semi-Automatic Translations of {DVD} Subtitles},
  booktitle = {Proceedings of the International Conference Recent Advances in Natural Language Processing 2011},
  month     = {September},
  year      = {2011},
  address   = {Hissar, Bulgaria},
  publisher = {RANLP 2011 Organising Committee},
  pages     = {97--103},
  url       = {http://aclweb.org/anthology/R11-1014}
}
@INPROCEEDINGS{aziz+2011:newfapesp,
    AUTHOR={Wilker Aziz and Lucia Specia},
    TITLE={Fully Automatic Compilation of a {Portuguese-English} Parallel Corpus for Statistical Machine Translation},
    BOOKTITLE={Proceedings of the 8th Brazilian Symposium in Information and Human Language Technology},
    ADDRESS={Cuiab\'a, MT},
    DAYS={24-26},
    MONTH={Obtober},
    YEAR={2011},
}
@inproceedings{aziz:2010:oov,
	author = {Wilker Aziz and Marc Dymetman and Shachar Mirkin and Lucia Specia and Nicola Cancedda and Ido Dagan},
	title = {Learning an Expert from Human Annotations in Statistical Machine Translation: the Case of Out-of-Vocabulary Words},
	booktitle = {14th Annual Conference of the European Association for Machine Translation},
	year = {2010},
	pages = {28--35},
	address = {Saint-Raphael, France},
}
@inproceedings{aziz:2010:semeval,
	author = {Wilker Aziz and Lucia Specia},
	title = {{USPwlv} and {WLVusp}: Combining dictionaries and contextual information for cross-lingual lexical substitution},
	booktitle = {Proceedings of the 5th International Workshop on Semantic Evaluation},
	year = {2010},
	location = {Los Angeles, California},
	pages = {117--122},
	numpages = {6},
	url = {http://portal.acm.org/citation.cfm?id=1859664.1859688},
	acmid = {1859688},
	publisher = {Association for Computational Linguistics},
	address = {Stroudsburg, PA, USA},
}
