@InProceedings{aziz+2012:pet,
  author = {Wilker Aziz and Sheila Castilho Monteiro de Sousa and Lucia Specia},
  title = {{PET}: a Tool for Post-editing and Assessing Machine Translation},
  booktitle = {Proceedings of the Eight International Conference on Language Resources and Evaluation (LREC'12)},
  year = {2012},
  month = {may},
  date = {23-25},
  address = {Istanbul, Turkey},
  publisher = {European Language Resources Association (ELRA)},
  isbn = {978-2-9517408-7-7}
 }

@INPROCEEDINGS{aziz+2012:subs,
	author={Wilker Aziz and Sheila Castilho Monteiro de Sousa and Lucia Specia},
	title={Cross-lingual Sentence Compression for Subtitles},
	series = {EAMT '12},
	booktitle={The 16th Annual Conference of the European Association for Machine Translation},
	address={Trento, Italy},
	pages = {103--110},
	month={May},
	year={2012}
} 
@INPROCEEDINGS{specia+2011:adequacy,
    AUTHOR={Lucia Specia and Najeh Hajlaoui and Catalina Hallett and Wilker Aziz},
    TITLE={Predicting Machine Translation Adequacy},
    booktitle = {Proceedings of the 13th Machine Translation Summit},
    address={Xiamen, China},
    month={September},
    year={2011},
    pages={513--520}
} 
@InProceedings{aziz+2011:RANLP,
  author    = {Wilker Aziz and Miguel Rios and Lucia Specia},
  title     = {Improving Chunk-based Semantic Role Labeling with Lexical Features},
  booktitle = {Proceedings of the International Conference Recent Advances in Natural Language Processing 2011},
  month     = {September},
  year      = {2011},
  address   = {Hissar, Bulgaria},
  publisher = {RANLP 2011 Organising Committee},
  pages     = {226--232},
  url       = {http://aclweb.org/anthology/R11-1031}
}
@InProceedings{sousa+2011:RANLP,
  author    = {Sheila C. M. de Sousa and Wilker Aziz and Lucia Specia},
  title     = {Assessing the Post-Editing Effort for Automatic and Semi-Automatic Translations of {DVD} Subtitles},
  booktitle = {Proceedings of the International Conference Recent Advances in Natural Language Processing 2011},
  month     = {September},
  year      = {2011},
  address   = {Hissar, Bulgaria},
  publisher = {RANLP 2011 Organising Committee},
  pages     = {97--103},
  url       = {http://aclweb.org/anthology/R11-1014}
}
@inproceedings{aziz:2010:oov,
	author = {Wilker Aziz and Marc Dymetman and Shachar Mirkin and Lucia Specia and Nicola Cancedda and Ido Dagan},
	title = {Learning an Expert from Human Annotations in Statistical Machine Translation: the Case of Out-of-Vocabulary Words},
	booktitle = {14th Annual Conference of the European Association for Machine Translation},
	year = {2010},
	series = {EAMT '10},
	pages = {28--35},
	address = {Saint-Raphael, France},
}
