@InProceedings{koponen+12:petime,
  author =       {Maarit Koponen, Wilker Aziz, Luciana Ramos and Lucia Specia},
  title =        {{Post-editing time as a measure of cognitive effort }},
  booktitle =    {AMTA 2012 Workshop on Post-Editing Technology and Practice (WPTP 2012)},
  pages =        {11--20},
  year =         2012,
  address =      {San Diego, USA},
  month =        {October},
  organization = {Association for Machine Translation in the Americas (AMTA)},
}

@InProceedings{Rios+2012:semeval,
  author    = {Miguel  Rios and  Wilker  Aziz and  Lucia Specia},
  title     = {{UOW}: Semantically Informed Text Similarity},
  booktitle = {{*SEM 2012}: The First Joint Conference on Lexical and Computational Semantics -- Volume 1: Proceedings of the main conference and the shared task, and Volume 2: Proceedings of the Sixth International Workshop on Semantic Evaluation {(SemEval 2012)}},
  month     = {7-8 June},
  year      = {2012},
  address   = {Montr\'{e}al, Canada},
  publisher = {Association for Computational Linguistics},
  pages     = {673--678},
  url       = {http://www.aclweb.org/anthology/S12-1100}
}
@INPROCEEDINGS{aziz+2012:pet-demo,
	author={Wilker Aziz and Lucia Specia},
	title={{PET}: a Tool for Post-editing and Assessing Machine Translation},
	series = {EAMT '12},
	booktitle={The 16th Annual Conference of the European Association for Machine Translation},
	address={Trento, Italy},
	month={May},
	pages={99},
	year={2012}
} 
@InProceedings{aziz-rios-specia:2011:WMT,
  author    = {Wilker Aziz and Miguel Rios and Lucia Specia},
  title     = {Shallow Semantic Trees for SMT},
  booktitle = {Proceedings of the Sixth Workshop on Statistical Machine Translation},
  month     = {July},
  year      = {2011},
  address   = {Edinburgh, Scotland},
  publisher = {Association for Computational Linguistics},
  pages     = {316--322},
  url       = {http://www.aclweb.org/anthology/W11-2136}
}
@InProceedings{rios-aziz-specia:2011:WMT,
  author    = {Miguel Rios and Wilker Aziz and Lucia Specia},
  title     = {TINE: A Metric to Assess MT Adequacy},
  booktitle = {Proceedings of the Sixth Workshop on Statistical Machine Translation},
  month     = {July},
  year      = {2011},
  address   = {Edinburgh, Scotland},
  publisher = {Association for Computational Linguistics},
  pages     = {116--122},
  url       = {http://www.aclweb.org/anthology/W11-2112}
}
@INPROCEEDINGS{aziz+2011:newfapesp,
    AUTHOR={Wilker Aziz and Lucia Specia},
    TITLE={Fully Automatic Compilation of a {Portuguese-English} Parallel Corpus for Statistical Machine Translation},
    BOOKTITLE={Proceedings of the 8th Brazilian Symposium in Information and Human Language Technology},
    ADDRESS={Cuiab\'a, MT},
    DAYS={24-26},
    MONTH={Obtober},
    YEAR={2011},
} 
@inproceedings{aziz:2010:semeval,
	author = {Wilker Aziz and Lucia Specia},
	title = {USPwlv and WLVusp: Combining dictionaries and contextual information for cross-lingual lexical substitution},
	booktitle = {Proceedings of the 5th International Workshop on Semantic Evaluation},
	series = {SemEval '10},
	year = {2010},
	location = {Los Angeles, California},
	pages = {117--122},
	numpages = {6},
	url = {http://portal.acm.org/citation.cfm?id=1859664.1859688},
	acmid = {1859688},
	publisher = {Association for Computational Linguistics},
	address = {Stroudsburg, PA, USA},
} 
